% This file was created with JabRef 2.5.
% Encoding: ISO8859_1

@TechReport{tech:optimization-vehicle-classification,
  Title                    = {Optimization Vehicle Classification},
  Author                   = {van Boxel, DW and van Lieshout, RA},
  Institution              = {Ministerie van Verkeer en Waterstaat - Directoraat-Generaal Rijkswaterstaat - Dienst Weg- en Waterbouwkunde (DWW)},
  Year                     = {2003},

  Owner                    = {xmn},
  Timestamp                = {2014.10.22}
}

@Article{vanweigh,
  Title                    = {Weigh-in-Motion--Categorising vehicles},
  Author                   = {van Boxel, DW and van Lieshout, RA and van Doorn, RA}
}

@Article{weigh-in-motion–categorising-vehicles,
  Title                    = {Weigh-in-Motion--Categorising vehicles},
  Author                   = {van Boxel, DW and van Lieshout, RA and van Doorn, RA},
  Year                     = {2001},

  Owner                    = {xmn},
  Timestamp                = {2014.08.24}
}

@Book{study-of-road-damage,
  Title                    = {A study of road damage due to dynamic wheel loads using a load measuring mat},
  Author                   = {Cebon, David and Winkler, Christopher B},
  Year                     = {1990},
  Volume                   = {501},

  Journal                  = {Contract},
  Pages                    = {015}
}

@Article{article:alpr,
  Title                    = {Automatic license plate recognition},
  Author                   = {Chang, Shyang-Lih and Chen, Li-Shien and Chung, Yun-Chung and Chen, Sei-Wan},
  Journal                  = {Intelligent Transportation Systems, IEEE Transactions on},
  Year                     = {2004},
  Number                   = {1},
  Pages                    = {42--53},
  Volume                   = {5},

  Publisher                = {IEEE}
}

@TechReport{tech:relatorio-de-gestao-do-exercicio-de-2013,
  Title                    = {Relatório de Gestão do Exercício de 2013},
  Author                   = {COVIDE/CGPLAN/DPP/DNIT},
  Institution              = {DNIT},
  Year                     = {2014},

  Owner                    = {xmn},
  Timestamp                = {2014.09.06}
}

@Electronic{web:srplv,
  Title                    = {Sistemas de Reconhecimento da Placa de Licenciamento Veicular},
  Author                   = {DCA/FEEC/UNICAMP},
  Month                    = {03},
  Url                      = {\url{http://www.dca.fee.unicamp.br/~gaiotto/projects/srplv.html}},
  Year                     = {2006},

  Owner                    = {xmn},
  Timestamp                = {2014.09.06}
}

@TechReport{tech:quadro-de-fabricantes-de-veiculos,
  Title                    = {Quadro de Fabricantes de Veículos},
  Author                   = {DNIT},
  Institution              = {DNIT},
  Year                     = {2012},

  Owner                    = {xmn},
  Timestamp                = {2014.09.07}
}

@Article{improved-peak-detection,
  Title                    = {Improved peak detection in mass spectrum by incorporating continuous wavelet transform-based pattern matching},
  Author                   = {Du, Pan and Kibbe, Warren A and Lin, Simon M},
  Journal                  = {Bioinformatics},
  Year                     = {2006},
  Number                   = {17},
  Pages                    = {2059--2065},
  Volume                   = {22},

  Publisher                = {Oxford Univ Press}
}

@Electronic{web:gplv3,
  Title                    = {GNU General Public License Version 3},
  Author                   = {FSF},
  Month                    = {06},
  Url                      = {\url{http://www.gnu.org/copyleft/gpl.txt}},
  Year                     = {2007},

  Owner                    = {xmn},
  Timestamp                = {2014.09.06}
}

@Electronic{web:gnu-software-livre,
  Title                    = {O que é o software livre?},
  Author                   = {GNU},
  Month                    = {05},
  Url                      = {http://www.gnu.org/philosophy/free-sw.pt-br.html},
  Year                     = {2013},

  Owner                    = {xmn},
  Urlaccessdate            = {2014.08.30}
}

@Electronic{EXTENDING-WIM-NL-DATA,
  Title                    = {Extending WIM-NL-data with a loading indicator and a truck damage factor},
  Author                   = {Hans, VAN and Van Boxel, Daniel},
  Year                     = {2008},

  Owner                    = {xmn},
  Timestamp                = {2014.08.24}
}

@Book{theory-and-problems-of-dsp,
  Title                    = {Schaum's Outline of Theory and Problems of Digital Signal Processing},
  Author                   = {Monson H. Hayes},
  Publisher                = {McGraw-Hill},
  Year                     = {1999},

  Owner                    = {xmn},
  Timestamp                = {2014.08.24}
}

@TechReport{tech:hernandez2013integration,
  Title                    = {Integration of Weigh-in-Motion and Inductive Signature Technology for Advanced Truck Monitoring},
  Author                   = {Hernandez, Sarah and Tok, Andre and Ritchie, Stephen G},
  Institution              = {Institute of Transportation Studies, University of California},
  Year                     = {2013},

  Url                      = {\url{http://www.its.uci.edu/its/publications/papers/ITS/UCI-ITS-WP-13-3.pdf}}
}

@Electronic{web:its-impossible-conduct-research-without-software,
  Title                    = {It's impossible to conduct research without software, say 7 out of 10 UK researchers},
  Author                   = {Simon Hettrick},
  Month                    = {12},
  Organization             = {Software Sustainability Institute},
  Url                      = {\url{http://www.software.ac.uk/blog/2014-12-04-its-impossible-conduct-research-without-software-say-7-out-10-uk-researchers}},
  Year                     = {2014},

  Owner                    = {xmn},
  Urlaccessdate            = {2014.12.06}
}

@Electronic{web:manifesto-brasileiro-acesso-livre,
  Title                    = {Manifesto Brasileiro de Apoio ao Acesso Livre à Informação Científica},
  Author                   = {IBICT},
  Month                    = {9},
  Organization             = {Controladoria-Geral da União},
  Url                      = {\url{https://bvc.cgu.gov.br/manifesto.jsp}},
  Year                     = {2005},

  Owner                    = {xmn},
  Urlaccessdate            = {2014.12.06}
}

@Article{techreport:jacob2002wave,
  Title                    = {Weigh-in-motion of Axles and Vehicles for Europe},
  Author                   = {Jacob, B},
  Journal                  = {Final report of the project WAVE, LCPC, Paris},
  Year                     = {2002}
}

@TechReport{tech:cost-323,
  Title                    = {Weigh-in-Motion of Road Vehicles: Final Report of the COST 323 Action},
  Author                   = {Jacob, Bernard and OBrien, EJ and Jehaes, S},
  Year                     = {2002},

  Journal                  = {Laboratoire Central des Ponts et Chauss{\'e}es Publications, Paris}
}

@PhdThesis{paper:improvements-in-piezoelectric-sensors-and-wim-data-collection-technology,
  Title                    = {Improvements in Piezoelectric Sensors and WIM Data Collection Technology},
  Author                   = {Jiang, Xiaohua},
  School                   = {University of Waterloo, Canada},
  Year                     = {2009},

  Url                      = {\url{http://conf.tac-atc.ca/english/resourcecentre/readingroom/conference/conf2009/pdf/Jiang.pdf}}
}

@Article{article:kuramoto2006,
  Title                    = {Informa{\c{c}}{\~a}o cient{\'\i}fica: proposta de um novo modelo para o Brasil},
  Author                   = {Kuramoto, H{\'e}lio},
  Journal                  = {Ci{\^e}ncia da Informa{\c{c}}{\~a}o, Bras{\'\i}lia},
  Year                     = {2006},
  Number                   = {2},
  Pages                    = {91--102},
  Volume                   = {35},

  Publisher                = {SciELO Brasil},
  Timestamp                = {2014.12.06}
}

@TechReport{tech:dev-pc-eight-channel-wim-system,
  Title                    = {Development of a PC-Based Eight-Channel WIM System},
  Author                   = {Kwon, Taek and Aryal, Bibhu},
  Year                     = {2007},

  Publisher                = {Minnesota Department of Transportation},
  Url                      = {\url{http://www.d.umn.edu/~tkwon/research/reports/Mn_DOT2007-45.pdf}}
}

@Article{optimal-choice-of-baseline-correction,
  Title                    = {Optimal choice of baseline correction for multivariate calibration of spectra},
  Author                   = {Liland, Kristian Hovde and Alm{\o}y, Trygve and Mevik, Bj{\o}rn-Helge},
  Journal                  = {Applied spectroscopy},
  Year                     = {2010},
  Number                   = {9},
  Pages                    = {1007--1016},
  Volume                   = {64},

  Publisher                = {Society for Applied Spectroscopy}
}

@Book{book:understanding-dsp,
  Title                    = {Understanding digital signal processing},
  Author                   = {Lyons, Richard G},
  Publisher                = {Pearson Education},
  Year                     = {2010}
}

@Article{article:basic-info-about-measuring-and-interpreting-road-profiles,
  Title                    = {The little book of profiling-basic information about measuring and interpreting road profiles},
  Author                   = {Michael, WS and Steven, MK},
  Journal                  = {Ann Arbor, MI: University of Michigan Transportation Research Institute},
  Year                     = {1998}
}

@Article{article:recognizing-vehicle-classification-information-from-blade-sensor-signature,
  Title                    = {Recognizing vehicle classification information from blade sensor signature},
  Author                   = {Oh, Cheol and Ritchie, Stephen G},
  Journal                  = {Pattern recognition letters},
  Year                     = {2007},
  Number                   = {9},
  Pages                    = {1041--1049},
  Volume                   = {28},

  Publisher                = {Elsevier}
}

@Article{pattern-recogntion-of-strings,
  Title                    = {Pattern recognition of strings with substitutions, insertions, deletions and generalized transpositions},
  Author                   = {Oommen, B John and Loke, Richard KS},
  Journal                  = {Pattern Recognition},
  Year                     = {1997},
  Number                   = {5},
  Pages                    = {789--800},
  Volume                   = {30},

  Publisher                = {Elsevier}
}

@Electronic{web:openalpr,
  Title                    = {openalpr},
  Author                   = {openalpr},
  Url                      = {\url{https://github.com/openalpr/openalpr}},

  Owner                    = {xmn},
  Urlaccessdate            = {2014.09.06}
}

@TechReport{tech:fhwa-wim-data-analysts-manual,
  Title                    = {WIM data analyst’s manual},
  Author                   = {Quinley, Rich},
  Institution              = {FHWA Office of Pavement Technology},
  Year                     = {2010},

  Owner                    = {xmn},
  Timestamp                = {2014.10.26}
}

@Article{article:alpr-using-python-and-opencv,
  Title                    = {Automatic License Plate Recognition using Python and OpenCV},
  Author                   = {K.M. Sajjad},
  Year                     = {2010},

  Institution              = {Department of Computer Science and Engineering, MES College of Engineering, Kerala, India},
  Owner                    = {xmn},
  Timestamp                = {2014.08.24}
}

@Article{article:evaluation-of-factors-affection-wim-system-accuracy,
  Title                    = {Evaluation of Factors Affecting WIM System Accuracy},
  Author                   = {F. Scheuter},
  Year                     = {2000},

  Owner                    = {xmn},
  Timestamp                = {2014.08.24}
}

@Electronic{web:mct-softex-software-livre,
  Title                    = {Ministério da Ciência e Tecnologia, Sepin, Softex e Software Livre},
  Author                   = {SERPRO},
  Month                    = {01},
  Url                      = {\url{http://www4.serpro.gov.br/noticias-antigas/noticias-2005-1/20050504_02}},
  Year                     = {2005},

  Owner                    = {xmn},
  Urlaccessdate            = {2014.08.30}
}

@Book{book:software-livre-a-luta-pela-liberdade-do-conhecimento,
  Title                    = {Software livre: a luta pela liberdade do conhecimento},
  Author                   = {Sergio Amadeu da Silveira},
  Publisher                = {Editora Fundação Perseu Abramo},
  Year                     = {2004},
  Series                   = {Coleção Brasil Urgente},

  Keywords                 = {Sociedade da informação, Software livre},
  Owner                    = {ivan},
  Timestamp                = {2014.10.31},
  Url                      = {\url{http://www.fpa.org.br/uploads/Software_livre.pdf}}
}

@Electronic{web:mct-software-livre,
  Title                    = {Ministério da Ciência e Tecnologia adere ao software livre},
  Author                   = {Software{ }Livre{ }no{ }Governo{ }do{ }Brazil},
  Month                    = {04},
  Url                      = {\url{http://www.softwarelivre.gov.br/noticias/MCT%20e%20ITI/}},
  Year                     = {2008},

  Owner                    = {xmn},
  Urlaccessdate            = {2014.08.30}
}

@TechReport{blind-deconvolution-of-vehicle,
  Title                    = {Blind Deconvolution of Vehicle Inductance Signatures for Travel-Time Estimation},
  Author                   = {Taek Mu Kwon, Ph.D},
  Institution              = {University of Minnesota Duluth Department of Electrical and Computer Engineering 1023 Unversity Drive Duluth, Minnesota 55812},
  Year                     = {2006},

  Owner                    = {xmn},
  Timestamp                = {2014.08.24}
}

@Article{article:tesseract-ocr-lpr-in-brazil,
  Title                    = {TESSERACT OCR: A CASE STUDY FOR LICENSE PLATE RECOGNITION IN BRAZIL},
  Author                   = {TAVARES, D. M., CAURIN, G. A. P., GONZAGA, A},
  Journal                  = {Revista Minerva},
  Year                     = {2010},

  Owner                    = {xmn},
  Timestamp                = {2014.08.24}
}

@Electronic{web:david-cebon,
  Title                    = {Transportation Research Group - Professor David Cebon},
  Author                   = {University{ }of{ }Cambridge},
  Month                    = {09},
  Url                      = {\url{http://www-trg.eng.cam.ac.uk/directory/dc@eng.cam.ac.uk}},
  Year                     = {2013},

  Owner                    = {xmn},
  Urlaccessdate            = {2014.08.31}
}

@Article{article:comparison-of-public-peak-detection,
  Title                    = {Comparison of public peak detection algorithms for MALDI mass spectrometry data analysis},
  Author                   = {Yang, Chao and He, Zengyou and Yu, Weichuan},
  Journal                  = {BMC bioinformatics},
  Year                     = {2009},
  Number                   = {1},
  Pages                    = {4},
  Volume                   = {10},

  Publisher                = {BioMed Central Ltd}
}

@misc{kistler2004installation,
  title={Installation Instructions: Lineas{\textregistered} Sensors for Weigh-in-Motion Type 9195E},
  author={Kistler{ }Instrumente, AG},
  year={2004},
  publisher={Kistler Instrumente AG, Switzerland}
}

@article{helmus2013nmrglue,
  title={Nmrglue: an open source Python package for the analysis of multidimensional NMR data},
  author={Helmus, Jonathan J and Jaroniec, Christopher P},
  journal={Journal of biomolecular NMR},
  volume={55},
  number={4},
  pages={355--367},
  year={2013},
  publisher={Springer}
}

@article{billauer2008peakdet,
  title={peakdet: Peak detection using MATLAB},
  author={Billauer, Eli},
  journal={Eli Billauer’s home page},
  year={2008}
}

@inproceedings{burnos2008auto,
  title={Auto-calibration and temperature correction of WIM systems},
  author={Burnos, Piotr},
  booktitle={Fifth International Conference on Weigh-in-Motion (ICWIM5)},
  pages={439},
  year={2008}
}

@inproceedings{gajda2012analysis,
  title={Analysis of the temperature influences on the metrological properties of polymer piezoelectric load sensors applied in Weigh-in-Motion systems},
  author={Gajda, Janusz and Sroka, Ryszard and Stencel, Marek and Zeglen, Tadeusz and Piwowar, Piotr and Burnos, Piotr},
  booktitle={Instrumentation and Measurement Technology Conference (I2MTC), 2012 IEEE International},
  pages={772--775},
  year={2012},
  organization={IEEE}
}


@Article{article:albanorevisando,
  Title                    = {REVISANDO AS TECNOLOGIAS PARA PESAGEM DE VE{\'I}CULOS},
  Author                   = {Albano, Jo{\~a}o Fortini and Lindau, Luis Antonio},
  Year                     = {2005}
}


@TechReport{tech:dnit-ppv-guia-pratico-operacao,
  Title                    = {Guia Prático (Instruções Operacionais)},
  Author                   = {DNIT},
  Institution              = {Departamento Nacional de Infraestrutura de Transportes},
  Year                     = {2010},

  Owner                    = {ivan},
  Timestamp                = {2015.04.29},
  Url                      = {\url{http://www.dnit.gov.br/rodovias/operacoes-rodoviarias/pesagem/guipratico2010-maio-2010-rev-4.pdf}}
}


@Electronic{magazine:pos-wim-1,
  Title                    = {1o Semin{\'a}rio Internacional de Pesagem em Movimento},
  Author                   = {Revista P{\'O}S-WIM},
  Month                    = {04},
  Organization             = {UFSC, LabTrans, ISWIM, ACE},
  Url                      = {\url{http://issuu.com/quorum.com/docs/revista_pos_wim/}},
  Year                     = {2011},
  Owner                    = {ivan},
  Timestamp                = {2015.05.06}
}


@InProceedings{ref:zhang2007evaluating,
  Title                    = {Evaluating Weigh-In-Motion Sensing Technology for Traffic Data Collection},
  Author                   = {Zhang, Lixin and Haas, Carl and Tighe, Susan L},
  Booktitle                = {Annual Conference of the Transportation Association of Canada},
  Year                     = {2007},
  Pages                    = {1--17}
}


@Electronic{web:dnit-audiencia-publica,
  Author                   = {Coordenação Geral de Operações Rodoviárias/DIR/DNIT},
  Month                    = {09},
  Organization             = {DNIT},
  Url                      = {\url{http://www.dnit.gov.br/rodovias/operacoes-rodoviarias/pesagem/audienciapublica-pdnet.pdf}},
  Year                     = {2006},

  Owner                    = {xmn},
  Urlaccessdate            = {2015.05.04}
}

@TechReport{tech:dnit-qvf,
  Title                    = {Quadro de Fabricantes de Veículos},
  Author                   = {DNIT},
  Institution              = {Departamento Nacional de Infraestrutura de Transportes},
  Year                     = {2012},

  Owner                    = {ivan},
  Timestamp                = {2015.04.29},
  Url                      = {\url{http://www.dnit.gov.br/rodovias/operacoes-rodoviarias/pesagem/qfv-2012-abril.pdf}}
}

%===============================
% DAQ
%==============================

@Electronic{pydaqmx,
  Title                    = {PyDAQmx’s documentation},
  Author                   = {Pierre Clad\'e},
  Month                    = {12},
  Url                      = {http://pythonhosted.org/PyDAQmx/},
  Year                     = {2010},

  Owner                    = {ivan},
  Quality                  = {1},
  Urlaccessdate            = {2013.10.14}
}

@Electronic{nidamx-80-percent,
  Title                    = {Learn 10 Functions in NI-DAQmx and Handle 80 Percent of Your Data Acquisition Applications},
  Author                   = {National{ }Instruments, Corporation},
  Url                      = {http://www.ni.com/white-paper/2835/en/pdf},
  Year                     = {2013},

  Owner                    = {ivan},
  Timestamp                = {2013.10.10},
  Urlaccessdate            = {2013.10.10}
}

@Electronic{nidamx-portable-devices,
  Title                    = {NI-DAQmx and NI-DAQ Driver Support: Portable Devices},
  Author                   = {National{ }Instruments, Corporation},
  Url                      = {http://www.ni.com/white-paper/6913/en/pdf},
  Year                     = {2013},

  Owner                    = {ivan},
  Timestamp                = {2013.10.10},
  Urlaccessdate            = {2013.10.10}
}

@Electronic{nidaqmx-cd-9.8,
  Title                    = {NI-DAQmx 9.8},
  Author                   = {National{ }Instruments, C.},
  Month                    = {08},
  Url                      = {http://joule.ni.com/nidu/cds/view/p/id/4297/lang/en},
  Year                     = {2013},

  Owner                    = {ivan},
  Urlaccessdate            = {2013.10.31}
}

@Electronic{nidaqmx-c-reference,
  Title                    = {NI-DAQmx C Reference Help},
  Author                   = {National{ }Instruments, Corporation},
  Month                    = {2},
  Url                      = {http://zone.ni.com/reference/en-XX/help/370471Y-01/},
  Year                     = {2013},

  Owner                    = {ivan},
  Quality                  = {1},
  Timestamp                = {2013.10.11},
  Urlaccessdate            = {2013.10.10}
}

@Electronic{nidaqmx-error--200284,
  Title                    = {Why Do I Get Error -200284 from my DAQmx Read VI?},
  Author                   = {National{ }Instruments, C.},
  Month                    = {1},
  Year                     = {2013},

  Owner                    = {ivan},
  Urlaccessdate            = {2013.11.08}
}

@Electronic{nidaqmx-hwtspsamplemode,
  Title                    = {Hardware-Timed Single Point Sample Mode},
  Author                   = {National{ }Instruments, C.},
  Month                    = {2},
  Url                      = {http://zone.ni.com/reference/en-XX/help/370466W-01/mxcncpts/hwtspsamplemode/},
  Year                     = {2013},

  Access_date              = {2013.10.14},
  Owner                    = {ivan},
  Quality                  = {1},
  Timestamp                = {2013.10.14},
  Urlaccessdate            = {2013.10.14}
}

@Electronic{nidaqmx-conceitos-basicos-amostragem-analogica,
  Title                    = {Conceitos básicos da amostragem analógica},
  Author                   = {National{ }Instruments, Corporation},
  Month                    = {11},
  Url                      = {http://www.ni.com/white-paper/3016/pt/pdf},
  Year                     = {2012},

  Owner                    = {ivan},
  Quality                  = {1},
  Timestamp                = {2013.10.11},
  Urlaccessdate            = {2013.10.10}
}

@Electronic{nidaqmx-cont-acq-gen-buffer,
  Title                    = {Continuous Acquisition and Generation with Finite Buffer Size},
  Author                   = {National{ }Instruments, C.},
  Month                    = {7},
  Url                      = {http://zone.ni.com/reference/en-XX/help/370466V-01/mxcncpts/contcacqgen/},
  Year                     = {2012},

  Owner                    = {ivan},
  Quality                  = {1},
  Urlaccessdate            = {2013.10.14}
}

@Electronic{nidaqmx-digital-chage-detection,
  Title                    = {Digital Change Detection in NI-DAQmx},
  Author                   = {National{ }Instruments, Corporation},
  Month                    = {10},
  Url                      = {http://www.ni.com/white-paper/4102/en/},
  Year                     = {2012},

  Owner                    = {ivan},
  Urlaccessdate            = {2013.11.07}
}

@Electronic{nidaqmx-err-201525,
  Title                    = {Why am I getting Error -201025 with my USB DAQ device?},
  Author                   = {National{ }Instruments, C.},
  Month                    = {10},
  Url                      = {http://digital.ni.com/public.nsf/allkb/EC1968728E660B288625780700570D06},
  Year                     = {2012},

  Owner                    = {ivan},
  Urlaccessdate            = {2013.10.31}
}

@Electronic{nidaqmx-faq,
  Title                    = {Answers to Frequently Asked Questions about NI-DAQmx and Traditional NI-DAQ (Legacy)},
  Author                   = {National{ }Instruments, Corporation},
  Url                      = {http://www.ni.com/white-paper/3021/en/pdf},
  Year                     = {2012},

  Owner                    = {ivan},
  Timestamp                = {2013.10.10},
  Urlaccessdate            = {2013.10.10}
}

@Electronic{nidaqmx-glitching,
  Title                    = {Glitching},
  Author                   = {National{ }Instruments, C.},
  Month                    = {07},
  Url                      = {http://zone.ni.com/reference/en-XX/help/370466V-01/mxcncpts/glitching/},
  Year                     = {2012},

  Owner                    = {ivan},
  Urlaccessdate            = {2013.10.31}
}

@Electronic{nidaqmx-tips-triggering,
  Title                    = {Tips and Techniques in Data Acquisition Triggering - NI-DAQmx},
  Author                   = {National{ }Instruments, C.},
  Month                    = {4},
  Url                      = {http://www.ni.com/white-paper/4329/en/pdf},
  Year                     = {2012},

  Owner                    = {ivan},
  Quality                  = {1},
  Urlaccessdate            = {2013.10.14}
}

@Electronic{nidaqmx-using-wait-until-done,
  Title                    = {Using Wait Until Done},
  Author                   = {National{ }Instruments, C.},
  Month                    = {7},
  Url                      = {http://zone.ni.com/reference/en-XX/help/370466V-01/mxcncpts/waituntildone/},
  Year                     = {2012},

  Owner                    = {ivan},
  Quality                  = {1},
  Urlaccessdate            = {2013.10.14}
}

@Electronic{nidaqmx-virtual-channel,
  Title                    = {Creating a Virtual Channel in NI-DAQmx and using it in LabVIEW},
  Author                   = {National{ }Instruments, Corporation},
  Url                      = {http://www.ni.com/white-paper/5375/en/pdf},
  Year                     = {2011},

  Owner                    = {ivan},
  Timestamp                = {2013.10.10},
  Urlaccessdate            = {2013.10.10}
}

@Electronic{nidaqmx-error-codes,
  Title                    = {NI-DAQmx .NET Driver Error Codes},
  Author                   = {National{ }Instruments, C.},
  Url                      = {http://digital.ni.com/public.nsf/3efedde4322fef19862567740067f3cc/01d50d3f86ee67d8862576cf00745e78/\$FILE/NI-DAQmxErrorCodes.PDF},
  Year                     = {2010},

  Owner                    = {ivan},
  Urlaccessdate            = {2013.10.30}
}

@Electronic{nidaqmx-avoiding-overwrite-erros,
  Title                    = {Understanding and Avoiding Overwrite and Overflow Errors with NI-DAQmx},
  Author                   = {National{ }Instruments, C.},
  Month                    = {11},
  Url                      = {http://digital.ni.com/public.nsf/allkb/A224DA0551EEA073862574F60060AB6F?OpenDocument},
  Year                     = {2008},

  Owner                    = {ivan},
  Quality                  = {1},
  Urlaccessdate            = {2013.10.15}
}

@Electronic{nidaqmx-continuous-analog-input,
  Title                    = {NI-DAQmx: Continuous Analog Input - Start Trigger and Stop After Desired Number of Pulses},
  Author                   = {National{ }Instruments, Corporation},
  Url                      = {http://zone.ni.com/devzone/cda/epd/p/id/5028},
  Year                     = {2006},

  Owner                    = {ivan},
  Timestamp                = {2013.10.10},
  Urlaccessdate            = {2013.10.10}
}

